@book{Optimization,
  title     = {Introductory Lectures on Convex Optimization: A Basic Course},
  author    = {Yurii Nesterov},
  pages     = {25},
  year      = {2004},
  publisher = {Kluwer Academic Publishers}
}
