@misc{ali_m-zero,
  title={Realistic float value for ``about zero"},
  author={alim},
  year={2015},
  howpublished = {\url{https://stackoverflow.com/questions/28035240/realistic-float-value-for-about-zero}}
}
@misc{cvxpy,
  title={Realistic float value for ``about zero"},
  author={alim},
  year={2015},
  howpublished = {\url{https://www.cvxpy.org/tutorial/advanced/index.html}}
}